<record><leader>00000cas a22000007a 4500</leader><controlfield tag="001">16823389</controlfield><controlfield tag="008">871007d19481960paudn ne      0    0eng d</controlfield><datafield ind1=" " ind2=" " tag="010"><subfield code="a">sn 87080616 </subfield></datafield><datafield ind1=" " ind2=" " tag="040"><subfield code="a">NPH</subfield><subfield code="b">eng</subfield><subfield code="c">NPH</subfield><subfield code="d">OCLCQ</subfield></datafield><datafield ind1=" " ind2=" " tag="042"><subfield code="a">msc</subfield></datafield><datafield ind1="0" ind2="0" tag="245"><subfield code="a">Carbondale daily news.</subfield></datafield><datafield ind1=" " ind2=" " tag="260"><subfield code="a">Carbondale, Pa. :</subfield><subfield code="b">[Carbondale Daily News],</subfield><subfield code="c">1948-1960.</subfield></datafield><datafield ind1=" " ind2=" " tag="300"><subfield code="a">12 v. :</subfield><subfield code="b">ill. ;</subfield><subfield code="c">60 cm.</subfield></datafield><datafield ind1=" " ind2=" " tag="310"><subfield code="a">Daily (except Sat. and Sun.)</subfield></datafield><datafield ind1="0" ind2=" " tag="362"><subfield code="a">Vol. 76, no. 23 (Feb. 3, 1948)-v. 88, no. 255 (Dec. 30, 1960).</subfield></datafield><datafield ind1=" " ind2=" " tag="752"><subfield code="a">United States</subfield><subfield code="b">Pennsylvania</subfield><subfield code="c">Lackawanna</subfield><subfield code="d">Carbondale.</subfield></datafield><datafield ind1="0" ind2="0" tag="780"><subfield code="t">Carbondale news (Carbondale, Pa. : 1945)</subfield><subfield code="w">(DLC)sn 87080615</subfield></datafield><datafield ind1="0" ind2="0" tag="785"><subfield code="t">Carbondale news (Carbondale, Pa. : 1961)</subfield><subfield code="w">(DLC)sn 83004633</subfield></datafield></record>